10400000         1000864797435200000000000000000000001087112345600000000JOAO DA SILVA                 CAIXA ECONOMICA FEDERAL                 10210201708094400000105000000                    REMESSA-PRODUCAO                                 
10400011R0100030 10000864797435201234560000000000000001087112345600000000JOAO DA SILVA                                                                                                 000000010210201700000000                                 
1040001300001P 010108711234560000000000014000000000000003112203              2909201700000000000060000000019N020820173000000000000000000000000000000000000000000000000000000000000000000000000000003                        3001005090000000000 
1040001300002Q 011000065453512300PAGADOR PF1                             RUA ABC, 123                            CENTRO         12345678SAO PAULO      SP0000000000000000                                                                       
1040001300003P 0101087112345600000000000140000000000000551122055             3009201700000000025000000000019N0308201730000000000000000000000000000000000000000000000000000000000000000000000000000055                       3001005090000000000 
1040001300004Q 011000027443347235PAGADOR PF2                             RUA ABCD, 1233                          CENTRO         12345679SAO PAULO      SP0000000000000000                                                                       
1040001300005P 010108711234560000000000014000000000001500112201500           0110201700000000013650000000019N040820173000000000000000000000000000000000000000000000000000000000000000000000000000001500                     3001005090000000000 
1040001300006Q 011000054810761797PAGADOR PF3                             RUA ABCDE, 0123                         CENTRO         12345670SAO PAULO      SP0000000000000000                                                                       
10400015         000008000000000000000000000000000000000000000000000000000000000000000000000                                                                                                                                                    
10499999         000001000010                                                                                                                                                                                                                   