10400000         1000864797435200000000000000000000001087112345600000000JOAO DA SILVA                 CAIXA ECONOMICA FEDERAL                 10210201708094400000105000000                    REMESSA-PRODUCAO                                 
10400011R0100030 10000864797435201234560000000000000001087112345600000000JOAO DA SILVA                                                                                                 000000010210201700000000                                 
1040001300001P 010108711234560000000000014000000000000003112203              2909201700000000000060000000019N021020173000000000000000000000000000000000000000000000000000000000000000000000000000003                        3001005090000000000 
1040001300002Q 011000065453512300PAGADOR PF                              RUA ABC, 123                            CENTRO         12345678SAO PAULO      SP0000000000000000                                                                       
10400015         000004000000000000000000000000000000000000000000000000000000000000000000000                                                                                                                                                    
10499999         000001000006                                                                                                                                                                                                                   